<?xml version="1.0" encoding="UTF-8"?>
<!DOCTYPE html PUBLIC "-//W3C//DTD XHTML 1.0 Transitional//EN"
    "http://www.w3.org/TR/xhtml1/DTD/xhtml1-transitional.dtd">
<html xmlns="http://www.w3.org/1999/xhtml" xml:lang="en" lang="en">
 <head>
  <title>
</title>
<meta http-equiv="Content-Type" content="text/html;charset=utf-8" />
  <meta name='ocr-system' content='tesseract 3.04.00' />
  <meta name='ocr-capabilities' content='ocr_page ocr_carea ocr_par ocr_line ocrx_word'/>
</head>
<body>
  <div class='ocr_page' id='page_1' title='image "./stirpiumexotica00delpgoog_0024.png"; bbox 0 0 4942 6917; ppageno 0'>
   <div class='ocr_carea' id='block_1_1' title="bbox 611 674 3672 2920">
    <p class='ocr_par' dir='ltr' id='par_1_1' title="bbox 3573 674 3664 749">
     <span class='ocr_line' id='line_1_1' title="bbox 3573 674 3664 749; baseline 0 0"><span class='ocrx_word' id='word_1_1' title='bbox 3573 674 3664 749; x_wconf 83' lang='lat'><strong>19</strong></span> 
     </span>
    </p>

    <p class='ocr_par' dir='ltr' id='par_1_2' title="bbox 615 789 3668 1024">
     <span class='ocr_line' id='line_1_2' title="bbox 770 789 3668 900; baseline 0.002 -32"><span class='ocrx_word' id='word_1_2' title='bbox 770 792 971 868; x_wconf 83' lang='lat' dir='ltr'><strong>Calix</strong></span> <span class='ocrx_word' id='word_1_3' title='bbox 1034 789 1343 887; x_wconf 84' lang='lat' dir='ltr'><strong>5-fidus‚</strong></span> <span class='ocrx_word' id='word_1_4' title='bbox 1396 791 1673 867; x_wconf 85' lang='lat' dir='ltr'><strong>laciniis</strong></span> <span class='ocrx_word' id='word_1_5' title='bbox 1729 791 2466 895; x_wconf 81' lang='lat' dir='ltr'><strong>calloso-glandulosis</strong></span> <span class='ocrx_word' id='word_1_6' title='bbox 2527 798 2747 871; x_wconf 85' lang='lat' dir='ltr'><strong>ovatis</strong></span> <span class='ocrx_word' id='word_1_7' title='bbox 2809 795 3088 871; x_wconf 86' lang='lat' dir='ltr'><strong>obtusis</strong></span> <span class='ocrx_word' id='word_1_8' title='bbox 3104 854 3126 890; x_wconf 84' lang='lat'><strong><em>,</em></strong></span> <span class='ocrx_word' id='word_1_9' title='bbox 3165 796 3668 900; x_wconf 85' lang='lat' dir='ltr'><strong>glabriusculis</strong></span> 
     </span>
     <span class='ocr_line' id='line_1_3' title="bbox 615 918 3060 1024; baseline 0 -29"><span class='ocrx_word' id='word_1_10' title='bbox 615 924 942 1024; x_wconf 76' lang='lat' dir='ltr'><strong>margine</strong></span> <span class='ocrx_word' id='word_1_11' title='bbox 996 918 1849 995; x_wconf 86' lang='lat' dir='ltr'><strong>albido-membranaceis</strong></span> <span class='ocrx_word' id='word_1_12' title='bbox 1877 976 1900 1013; x_wconf 88' lang='lat'>,</span> <span class='ocrx_word' id='word_1_13' title='bbox 1952 921 2159 1023; x_wconf 84' lang='lat' dir='ltr'><strong>apice</strong></span> <span class='ocrx_word' id='word_1_14' title='bbox 2210 920 2552 995; x_wconf 79' lang='lat' dir='ltr'><strong>viridulis.</strong></span> <span class='ocrx_word' id='word_1_15' title='bbox 3038 934 3060 947; x_wconf 69' lang='grc'><strong>“</strong></span> 
     </span>
    </p>

    <p class='ocr_par' dir='ltr' id='par_1_3' title="bbox 618 1044 3666 1277">
     <span class='ocr_line' id='line_1_4' title="bbox 769 1044 3666 1153; baseline 0.003 -35"><span class='ocrx_word' id='word_1_16' title='bbox 769 1046 1018 1121; x_wconf 88' lang='lat' dir='ltr'><strong>Petala</strong></span> <span class='ocrx_word' id='word_1_17' title='bbox 1070 1044 1139 1119; x_wconf 89' lang='lat'><strong>5.</strong></span> <span class='ocrx_word' id='word_1_18' title='bbox 1192 1046 1454 1139; x_wconf 77' lang='lat' dir='ltr'><strong>lineari¹</strong></span> <span class='ocrx_word' id='word_1_19' title='bbox 1499 1045 1807 1147; x_wconf 88' lang='lat' dir='ltr'><strong>oblonga</strong></span> <span class='ocrx_word' id='word_1_20' title='bbox 1861 1046 2447 1149; x_wconf 88' lang='lat' dir='ltr'><strong>exunguiculata,</strong></span> <span class='ocrx_word' id='word_1_21' title='bbox 2500 1047 2782 1123; x_wconf 88' lang='lat' dir='ltr'><strong>laciniis</strong></span> <span class='ocrx_word' id='word_1_22' title='bbox 2837 1048 3176 1151; x_wconf 84' lang='lat' dir='ltr'><strong>calycinis</strong></span> <span class='ocrx_word' id='word_1_23' title='bbox 3236 1048 3456 1153; x_wconf 83' lang='lat' dir='ltr'><strong>duplo</strong></span> <span class='ocrx_word' id='word_1_24' title='bbox 3516 1053 3666 1126; x_wconf 89' lang='lat' dir='ltr'><strong>lon-</strong></span> 
     </span>
     <span class='ocr_line' id='line_1_5' title="bbox 618 1172 1745 1277; baseline -0.01 -29"><span class='ocrx_word' id='word_1_25' title='bbox 618 1172 963 1277; x_wconf 86' lang='lat' dir='ltr'><strong>gioribus.</strong></span> <span class='ocrx_word' id='word_1_26' title='bbox 1736 1228 1745 1237; x_wconf 91' lang='lat'>.</span> 
     </span>
    </p>

    <p class='ocr_par' dir='ltr' id='par_1_4' title="bbox 611 1296 3672 2034">
     <span class='ocr_line' id='line_1_6' title="bbox 774 1296 3667 1406; baseline 0.002 -33"><span class='ocrx_word' id='word_1_27' title='bbox 774 1300 1107 1373; x_wconf 81' lang='lat' dir='ltr'><strong>Stamina</strong></span> <span class='ocrx_word' id='word_1_28' title='bbox 1165 1324 1275 1372; x_wconf 76' lang='lat' dir='ltr'><strong>lo.</strong></span> <span class='ocrx_word' id='word_1_29' title='bbox 1330 1298 1663 1401; x_wconf 88' lang='lat' dir='ltr'><strong>quinque</strong></span> <span class='ocrx_word' id='word_1_30' title='bbox 1712 1296 1983 1371; x_wconf 81' lang='lat' dir='ltr'>fertilia</span> <span class='ocrx_word' id='word_1_31' title='bbox 2032 1313 2437 1373; x_wconf 83' lang='lat' dir='ltr'><strong>extrorsum</strong></span> <span class='ocrx_word' id='word_1_32' title='bbox 2487 1298 2764 1401; x_wconf 84' lang='lat' dir='ltr'><strong>dejecta</strong></span> <span class='ocrx_word' id='word_1_33' title='bbox 2811 1300 3064 1404; x_wconf 85' lang='lat' dir='ltr'><strong>petalis</strong></span> <span class='ocrx_word' id='word_1_34' title='bbox 3102 1301 3381 1376; x_wconf 85' lang='lat' dir='ltr'><strong>alterna</strong></span> <span class='ocrx_word' id='word_1_35' title='bbox 3433 1306 3667 1406; x_wconf 87' lang='lat' dir='ltr'><strong>iisque</strong></span> 
     </span>
     <span class='ocr_line' id='line_1_7' title="bbox 611 1423 3666 1528; baseline 0.002 -29"><span class='ocrx_word' id='word_1_36' title='bbox 611 1423 971 1528; x_wconf 78' lang='lat' dir='ltr'><strong>longiora,</strong></span> <span class='ocrx_word' id='word_1_37' title='bbox 1037 1424 1356 1500; x_wconf 86' lang='lat' dir='ltr'><strong>antheris</strong></span> <span class='ocrx_word' id='word_1_38' title='bbox 1432 1423 1941 1499; x_wconf 82' lang='lat' dir='ltr'><strong>terminalibus</strong></span> <span class='ocrx_word' id='word_1_39' title='bbox 2010 1428 2218 1527; x_wconf 85' lang='lat' dir='ltr'><strong>apice</strong></span> <span class='ocrx_word' id='word_1_40' title='bbox 2276 1426 2765 1501; x_wconf 74' lang='lat' dir='ltr'><strong>tuberculatis</strong></span> <span class='ocrx_word' id='word_1_41' title='bbox 2814 1426 3184 1503; x_wconf 82' lang='lat' dir='ltr'><strong>filamento</strong></span> <span class='ocrx_word' id='word_1_42' title='bbox 3245 1428 3528 1504; x_wconf 83' lang='lat' dir='ltr'><strong>scilieet</strong></span> <span class='ocrx_word' id='word_1_43' title='bbox 3589 1434 3666 1505; x_wconf 84' lang='lat' dir='ltr'><strong>in</strong></span> 
     </span>
     <span class='ocr_line' id='line_1_8' title="bbox 612 1550 3664 1658; baseline 0.002 -32"><span class='ocrx_word' id='word_1_44' title='bbox 612 1550 1074 1627; x_wconf 84' lang='lat' dir='ltr'><strong>tuberculum</strong></span> <span class='ocrx_word' id='word_1_45' title='bbox 1122 1552 1397 1627; x_wconf 79' lang='lat' dir='ltr'><strong>lineare</strong></span> <span class='ocrx_word' id='word_1_46' title='bbox 1442 1554 2252 1627; x_wconf 80' lang='lat' dir='ltr'><strong>recurvato-introrsum</strong></span> <span class='ocrx_word' id='word_1_47' title='bbox 2304 1551 2668 1655; x_wconf 82' lang='lat' dir='ltr'><strong>producto</strong></span> <span class='ocrx_word' id='word_1_48' title='bbox 2687 1610 2711 1647; x_wconf 80' lang='lat'>,</span> <span class='ocrx_word' id='word_1_49' title='bbox 2773 1552 3026 1627; x_wconf 83' lang='lat' dir='ltr'><strong>loculis</strong></span> <span class='ocrx_word' id='word_1_50' title='bbox 3095 1553 3664 1658; x_wconf 55' lang='lat' dir='ltr'><strong>oblongo—‘linea-</strong></span> 
     </span>
     <span class='ocr_line' id='line_1_9' title="bbox 620 1676 3672 1783; baseline 0.002 -32"><span class='ocrx_word' id='word_1_51' title='bbox 620 1678 827 1753; x_wconf 83' lang='lat' dir='ltr'><strong>ribus</strong></span> <span class='ocrx_word' id='word_1_52' title='bbox 909 1676 1402 1780; x_wconf 83' lang='lat' dir='ltr'><strong>undequaque</strong></span> <span class='ocrx_word' id='word_1_53' title='bbox 1486 1677 1771 1753; x_wconf 86' lang='lat' dir='ltr'><strong>adnatis</strong></span> <span class='ocrx_word' id='word_1_54' title='bbox 1802 1734 1825 1771; x_wconf 91' lang='lat'>‚</span> <span class='ocrx_word' id='word_1_55' title='bbox 1906 1677 2235 1753; x_wconf 86' lang='lat' dir='ltr'><strong>obtusis:</strong></span> <span class='ocrx_word' id='word_1_56' title='bbox 2311 1681 2638 1781; x_wconf 84' lang='lat' dir='ltr'><strong>quinque</strong></span> <span class='ocrx_word' id='word_1_57' title='bbox 2719 1680 2988 1753; x_wconf 82' lang='lat' dir='ltr'><strong>sterilia</strong></span> <span class='ocrx_word' id='word_1_58' title='bbox 3063 1679 3672 1783; x_wconf 75' lang='lat' dir='ltr'><strong>squamaeformia</strong></span> 
     </span>
     <span class='ocr_line' id='line_1_10' title="bbox 612 1802 3668 1907; baseline 0.002 -29"><span class='ocrx_word' id='word_1_59' title='bbox 612 1803 1247 1881; x_wconf 81' lang='lat' dir='ltr'><strong>ovato-lanceolata</strong></span> <span class='ocrx_word' id='word_1_60' title='bbox 1263 1860 1287 1898; x_wconf 87' lang='lat'>‚</span> <span class='ocrx_word' id='word_1_61' title='bbox 1323 1802 1647 1877; x_wconf 90' lang='lat' dir='ltr'><strong>obsolete</strong></span> <span class='ocrx_word' id='word_1_62' title='bbox 1688 1804 2069 1899; x_wconf 86' lang='lat' dir='ltr'><strong>trinervia,</strong></span> <span class='ocrx_word' id='word_1_63' title='bbox 2104 1805 2434 1907; x_wconf 82' lang='lat' dir='ltr'><strong>margine</strong></span> <span class='ocrx_word' id='word_1_64' title='bbox 2490 1805 2745 1879; x_wconf 87' lang='lat' dir='ltr'><strong>eximie</strong></span> <span class='ocrx_word' id='word_1_65' title='bbox 2797 1807 3448 1906; x_wconf 65' lang='lat' dir='ltr'><strong>pectinata-cibata</strong></span> <span class='ocrx_word' id='word_1_66' title='bbox 3501 1832 3668 1885; x_wconf 83' lang='lat' dir='ltr'><strong>cum</strong></span> 
     </span>
     <span class='ocr_line' id='line_1_11' title="bbox 616 1928 1926 2034; baseline 0 -31"><span class='ocrx_word' id='word_1_67' title='bbox 616 1930 903 2034; x_wconf 85' lang='lat' dir='ltr'><strong>apiculo</strong></span> <span class='ocrx_word' id='word_1_68' title='bbox 956 1928 1380 2032; x_wconf 88' lang='lat' dir='ltr'><strong>glanduloso</strong></span> <span class='ocrx_word' id='word_1_69' title='bbox 1432 1930 1926 2003; x_wconf 86' lang='lat' dir='ltr'><strong>teretiusculo.</strong></span> 
     </span>
    </p>

    <p class='ocr_par' dir='ltr' id='par_1_5' title="bbox 611 2054 3670 2669">
     <span class='ocr_line' id='line_1_12' title="bbox 766 2054 3666 2158; baseline 0.002 -27"><span class='ocrx_word' id='word_1_70' title='bbox 766 2058 1117 2131; x_wconf 76' lang='lat' dir='ltr'><strong>Ovarium</strong></span> <span class='ocrx_word' id='word_1_71' title='bbox 1168 2082 1209 2131; x_wconf 93' lang='lat' dir='ltr'><strong>e</strong></span> <span class='ocrx_word' id='word_1_72' title='bbox 1262 2054 1609 2158; x_wconf 83' lang='lat' dir='ltr'><strong>carpidiis</strong></span> <span class='ocrx_word' id='word_1_73' title='bbox 1660 2054 1727 2129; x_wconf 85' lang='lat'><strong>5.</strong></span> <span class='ocrx_word' id='word_1_74' title='bbox 1784 2055 2421 2158; x_wconf 85' lang='lat' dir='ltr'><strong>lineari-oblongis</strong></span> <span class='ocrx_word' id='word_1_75' title='bbox 2456 2057 2774 2151; x_wconf 86' lang='lat' dir='ltr'><strong>obtusis,</strong></span> <span class='ocrx_word' id='word_1_76' title='bbox 2827 2057 3021 2131; x_wconf 81' lang='lat' dir='ltr'><strong>ultra</strong></span> <span class='ocrx_word' id='word_1_77' title='bbox 3069 2056 3386 2133; x_wconf 82' lang='lat' dir='ltr'><strong>medium</strong></span> <span class='ocrx_word' id='word_1_78' title='bbox 3437 2058 3666 2136; x_wconf 65' lang='lat' dir='ltr'><strong>ferme</strong></span> 
     </span>
     <span class='ocr_line' id='line_1_13' title="bbox 613 2181 3670 2287; baseline 0.001 -29"><span class='ocrx_word' id='word_1_79' title='bbox 613 2181 927 2259; x_wconf 87' lang='lat' dir='ltr'><strong>diductis</strong></span> <span class='ocrx_word' id='word_1_80' title='bbox 958 2239 983 2278; x_wconf 89' lang='lat'>‚</span> <span class='ocrx_word' id='word_1_81' title='bbox 1033 2183 1193 2257; x_wconf 88' lang='lat' dir='ltr'><strong>basi</strong></span> <span class='ocrx_word' id='word_1_82' title='bbox 1244 2182 1441 2258; x_wconf 90' lang='lat' dir='ltr'><strong>disco</strong></span> <span class='ocrx_word' id='word_1_83' title='bbox 1500 2186 2266 2286; x_wconf 86' lang='lat' dir='ltr'><strong>atro-purpurascenti</strong></span> <span class='ocrx_word' id='word_1_84' title='bbox 2354 2184 2616 2287; x_wconf 80' lang='lat' dir='ltr'><strong>calycis</strong></span> <span class='ocrx_word' id='word_1_85' title='bbox 2695 2185 2876 2259; x_wconf 87' lang='lat' dir='ltr'><strong>tubo</strong></span> <span class='ocrx_word' id='word_1_86' title='bbox 2931 2182 3193 2260; x_wconf 83' lang='lat' dir='ltr'><strong>adnato</strong></span> <span class='ocrx_word' id='word_1_87' title='bbox 3257 2189 3624 2263; x_wconf 84' lang='lat' dir='ltr'><strong>immersis</strong></span> <span class='ocrx_word' id='word_1_88' title='bbox 3647 2246 3670 2279; x_wconf 90' lang='lat'><em>,</em></span> 
     </span>
     <span class='ocr_line' id='line_1_14' title="bbox 614 2308 3664 2414; baseline 0.001 -29"><span class='ocrx_word' id='word_1_89' title='bbox 614 2309 799 2413; x_wconf 85' lang='lat' dir='ltr'><strong>stylo</strong></span> <span class='ocrx_word' id='word_1_90' title='bbox 851 2309 1103 2413; x_wconf 89' lang='lat' dir='ltr'><strong>glabro</strong></span> <span class='ocrx_word' id='word_1_91' title='bbox 1154 2312 1413 2403; x_wconf 85' lang='lat' dir='ltr'><strong>tereti,</strong></span> <span class='ocrx_word' id='word_1_92' title='bbox 1466 2336 1776 2414; x_wconf 89' lang='lat' dir='ltr'><strong>superne</strong></span> <span class='ocrx_word' id='word_1_93' title='bbox 1831 2326 2193 2385; x_wconf 85' lang='lat' dir='ltr'><strong>attenuato</strong></span> <span class='ocrx_word' id='word_1_94' title='bbox 2210 2366 2233 2405; x_wconf 86' lang='lat'>‚</span> <span class='ocrx_word' id='word_1_95' title='bbox 2286 2335 2327 2383; x_wconf 92' lang='lat' dir='ltr'><strong>e</strong></span> <span class='ocrx_word' id='word_1_96' title='bbox 2381 2308 2720 2411; x_wconf 85' lang='lat' dir='ltr'><strong>carpidiis</strong></span> <span class='ocrx_word' id='word_1_97' title='bbox 2769 2313 2890 2384; x_wconf 76' lang='lat' dir='ltr'><strong>vix</strong></span> <span class='ocrx_word' id='word_1_98' title='bbox 2941 2336 3242 2407; x_wconf 74' lang='lat' dir='ltr'><strong>emerso,</strong></span> <span class='ocrx_word' id='word_1_99' title='bbox 3277 2330 3664 2403; x_wconf 71' lang='lat' dir='ltr'><strong>recurvato</strong></span> 
     </span>
     <span class='ocr_line' id='line_1_15' title="bbox 611 2434 3665 2544; baseline 0.001 -33"><span class='ocrx_word' id='word_1_100' title='bbox 611 2434 925 2512; x_wconf 80' lang='lat' dir='ltr'><strong>refracto</strong></span> <span class='ocrx_word' id='word_1_101' title='bbox 989 2491 1011 2527; x_wconf 89' lang='lat'><strong><em>,</em></strong></span> <span class='ocrx_word' id='word_1_102' title='bbox 1065 2438 1271 2537; x_wconf 81' lang='lat' dir='ltr'><strong>apice</strong></span> <span class='ocrx_word' id='word_1_103' title='bbox 1322 2436 1793 2538; x_wconf 84' lang='lat' dir='ltr'><strong>stigmatifero</strong></span> <span class='ocrx_word' id='word_1_104' title='bbox 1808 2492 1833 2531; x_wconf 90' lang='lat'>‚</span> <span class='ocrx_word' id='word_1_105' title='bbox 1874 2438 2211 2544; x_wconf 83' lang='lat' dir='ltr'><strong>stigmate</strong></span> <span class='ocrx_word' id='word_1_106' title='bbox 2264 2435 2590 2511; x_wconf 73' lang='lat' dir='ltr'><strong>obsoleto</strong></span> <span class='ocrx_word' id='word_1_107' title='bbox 2631 2438 3123 2539; x_wconf 79' lang='lat' dir='ltr'><strong>quinquelobo</strong></span> <span class='ocrx_word' id='word_1_108' title='bbox 3137 2494 3160 2531; x_wconf 87' lang='lat'><strong><em>,</em></strong></span> <span class='ocrx_word' id='word_1_109' title='bbox 3213 2464 3340 2514; x_wconf 82' lang='lat' dir='ltr'><strong>seu</strong></span> <span class='ocrx_word' id='word_1_110' title='bbox 3377 2438 3665 2541; x_wconf 80' lang='lat' dir='ltr'><strong>papillis</strong></span> 
     </span>
     <span class='ocr_line' id='line_1_16' title="bbox 612 2560 1625 2669; baseline -0.001 -31"><span class='ocrx_word' id='word_1_111' title='bbox 612 2562 1041 2669; x_wconf 79' lang='lat' dir='ltr'><strong>stigmaticis</strong></span> <span class='ocrx_word' id='word_1_112' title='bbox 1092 2560 1161 2637; x_wconf 86' lang='lat'><strong>5.</strong></span> <span class='ocrx_word' id='word_1_113' title='bbox 1212 2564 1625 2637; x_wconf 81' lang='lat' dir='ltr'><strong>terminato.</strong></span> 
     </span>
    </p>

    <p class='ocr_par' dir='ltr' id='par_1_6' title="bbox 613 2686 3661 2920">
     <span class='ocr_line' id='line_1_17' title="bbox 768 2686 3658 2794; baseline 0.001 -31"><span class='ocrx_word' id='word_1_114' title='bbox 768 2688 1078 2791; x_wconf 86' lang='lat' dir='ltr'><strong>Capsula</strong></span> <span class='ocrx_word' id='word_1_115' title='bbox 1127 2688 1495 2763; x_wconf 86' lang='lat' dir='ltr'><strong>urceolata</strong></span> <span class='ocrx_word' id='word_1_116' title='bbox 1551 2686 1971 2763; x_wconf 83' lang='lat' dir='ltr'><strong>5-locularis</strong></span> <span class='ocrx_word' id='word_1_117' title='bbox 1994 2743 2019 2783; x_wconf 87' lang='lat'><em>‚</em></span> <span class='ocrx_word' id='word_1_118' title='bbox 2070 2688 2316 2775; x_wconf 85' lang='lat' dir='ltr'><strong>loculis</strong></span> <span class='ocrx_word' id='word_1_119' title='bbox 2349 2687 2994 2764; x_wconf 83' lang='lat' dir='ltr'><strong>folliculiformibus</strong></span> <span class='ocrx_word' id='word_1_120' title='bbox 3012 2747 3037 2786; x_wconf 88' lang='lat'>‚</span> <span class='ocrx_word' id='word_1_121' title='bbox 3089 2693 3292 2792; x_wconf 86' lang='lat' dir='ltr'><strong>apice</strong></span> <span class='ocrx_word' id='word_1_122' title='bbox 3341 2691 3658 2794; x_wconf 70' lang='lat' dir='ltr'><strong>compla—</strong></span> 
     </span>
     <span class='ocr_line' id='line_1_18' title="bbox 613 2808 3661 2920; baseline 0.002 -32"><span class='ocrx_word' id='word_1_123' title='bbox 613 2817 843 2910; x_wconf 79' lang='lat' dir='ltr'><strong>natiS‚</strong></span> <span class='ocrx_word' id='word_1_124' title='bbox 896 2832 1299 2889; x_wconf 84' lang='lat' dir='ltr'><strong>extrorsum</strong></span> <span class='ocrx_word' id='word_1_125' title='bbox 1351 2813 1648 2914; x_wconf 87' lang='lat' dir='ltr'><strong>dejectis</strong></span> <span class='ocrx_word' id='word_1_126' title='bbox 1698 2815 2228 2918; x_wconf 84' lang='lat' dir='ltr'><strong>monospermis</strong></span> <span class='ocrx_word' id='word_1_127' title='bbox 2248 2872 2268 2906; x_wconf 89' lang='lat'>‚</span> <span class='ocrx_word' id='word_1_128' title='bbox 2316 2808 2750 2917; x_wconf 76' lang='lat' dir='ltr'><strong>endocarpio</strong></span> <span class='ocrx_word' id='word_1_129' title='bbox 2815 2815 3278 2920; x_wconf 80' lang='lat' dir='ltr'><strong>cartilagineo</strong></span> <span class='ocrx_word' id='word_1_130' title='bbox 3347 2842 3391 2891; x_wconf 83' lang='lat' dir='ltr'><strong>c</strong></span> <span class='ocrx_word' id='word_1_131' title='bbox 3438 2819 3661 2895; x_wconf 72' lang='lat' dir='ltr'><strong>valvis</strong></span> 
     </span>
    </p>
   </div>
   <div class='ocr_carea' id='block_1_2' title="bbox 497 2938 3657 3043">
    <p class='ocr_par' dir='ltr' id='par_1_7' title="bbox 497 2938 3657 3043">
     <span class='ocr_line' id='line_1_19' title="bbox 497 2938 3657 3043; baseline 0.002 -30"><span class='ocrx_word' id='word_1_132' title='bbox 497 2982 507 2991; x_wconf 85' lang='lat'><strong>·</strong></span> <span class='ocrx_word' id='word_1_133' title='bbox 618 2938 903 3015; x_wconf 87' lang='lat' dir='ltr'><strong>duabus</strong></span> <span class='ocrx_word' id='word_1_134' title='bbox 952 2941 1045 3013; x_wconf 86' lang='lat' dir='ltr'><strong>ab</strong></span> <span class='ocrx_word' id='word_1_135' title='bbox 1100 2942 1470 3043; x_wconf 85' lang='lat' dir='ltr'><strong>epicarpio</strong></span> <span class='ocrx_word' id='word_1_136' title='bbox 1520 2942 1764 3016; x_wconf 86' lang='lat' dir='ltr'><strong>solutis</strong></span> <span class='ocrx_word' id='word_1_137' title='bbox 1815 2941 2103 3016; x_wconf 86' lang='lat' dir='ltr'><strong>elastice</strong></span> <span class='ocrx_word' id='word_1_138' title='bbox 2154 2939 2690 3017; x_wconf 78' lang='lat' dir='ltr'><strong>dissilientibus.</strong></span> <span class='ocrx_word' id='word_1_139' title='bbox 2724 2945 3006 3017; x_wconf 82' lang='lat' dir='ltr'><strong>·Sernen</strong></span> <span class='ocrx_word' id='word_1_140' title='bbox 3055 2942 3494 3019; x_wconf 69' lang='lat' dir='ltr'><strong>atrofiiscum</strong></span> <span class='ocrx_word' id='word_1_141' title='bbox 3545 2948 3657 3019; x_wconf 88' lang='lat' dir='ltr'><strong>in-</strong></span> 
     </span>
    </p>
   </div>
   <div class='ocr_carea' id='block_1_3' title="bbox 615 3066 3664 3551">
    <p class='ocr_par' dir='ltr' id='par_1_8' title="bbox 621 3066 3664 3267">
     <span class='ocr_line' id='line_1_20' title="bbox 627 3066 3664 3173; baseline 0 -31"><span class='ocrx_word' id='word_1_142' title='bbox 627 3091 916 3145; x_wconf 79' lang='lat' dir='ltr'><strong>versum</strong></span> <span class='ocrx_word' id='word_1_143' title='bbox 978 3066 1753 3171; x_wconf 76' lang='lat' dir='ltr'><strong>ovato-cylindraceum</strong></span> <span class='ocrx_word' id='word_1_144' title='bbox 1766 3123 1791 3162; x_wconf 89' lang='lat'>‚</span> <span class='ocrx_word' id='word_1_145' title='bbox 1869 3067 2012 3142; x_wconf 90' lang='lat' dir='ltr'><strong>hilo</strong></span> <span class='ocrx_word' id='word_1_146' title='bbox 2081 3070 2347 3143; x_wconf 90' lang='lat' dir='ltr'><strong>rimoso</strong></span> <span class='ocrx_word' id='word_1_147' title='bbox 2422 3066 2666 3143; x_wconf 87' lang='lat' dir='ltr'><strong>hiante</strong></span> <span class='ocrx_word' id='word_1_148' title='bbox 2747 3069 3024 3143; x_wconf 89' lang='lat' dir='ltr'><strong>macula</strong></span> <span class='ocrx_word' id='word_1_149' title='bbox 3111 3074 3664 3173; x_wconf 84' lang='lat' dir='ltr'><strong>purpurascenti</strong></span> 
     </span>
     <span class='ocr_line' id='line_1_21' title="bbox 621 3191 1090 3267; baseline 0 -1"><span class='ocrx_word' id='word_1_150' title='bbox 621 3191 1090 3267; x_wconf 88' lang='lat' dir='ltr'><strong>circumdato.</strong></span> 
     </span>
    </p>

    <p class='ocr_par' dir='ltr' id='par_1_9' title="bbox 615 3318 3656 3551">
     <span class='ocr_line' id='line_1_22' title="bbox 766 3318 3656 3423; baseline 0.002 -31"><span class='ocrx_word' id='word_1_151' title='bbox 766 3319 1040 3395; x_wconf 86' lang='lat' dir='ltr'><strong>Frutex</strong></span> <span class='ocrx_word' id='word_1_152' title='bbox 1087 3322 1373 3423; x_wconf 89' lang='lat' dir='ltr'><strong>ignotae</strong></span> <span class='ocrx_word' id='word_1_153' title='bbox 1425 3321 1703 3422; x_wconf 82' lang='lat' dir='ltr'><strong>patriae</strong></span> <span class='ocrx_word' id='word_1_154' title='bbox 1728 3374 1751 3413; x_wconf 86' lang='lat'>‚</span> <span class='ocrx_word' id='word_1_155' title='bbox 1812 3322 2063 3422; x_wconf 80' lang='lat' dir='ltr'><strong>paucis</strong></span> <span class='ocrx_word' id='word_1_156' title='bbox 2136 3318 2231 3393; x_wconf 80' lang='lat' dir='ltr'><strong>ab</strong></span> <span class='ocrx_word' id='word_1_157' title='bbox 2278 3318 2449 3395; x_wconf 87' lang='lat' dir='ltr'><strong>hinc</strong></span> <span class='ocrx_word' id='word_1_158' title='bbox 2515 3323 2722 3396; x_wconf 88' lang='lat' dir='ltr'><strong>annis</strong></span> <span class='ocrx_word' id='word_1_159' title='bbox 2793 3321 2884 3395; x_wconf 86' lang='lat' dir='ltr'><strong>ab</strong></span> <span class='ocrx_word' id='word_1_160' title='bbox 2953 3322 3182 3395; x_wconf 84' lang='lat' dir='ltr'><strong>Horto</strong></span> <span class='ocrx_word' id='word_1_161' title='bbox 3249 3321 3656 3397; x_wconf 88' lang='lat' dir='ltr'><strong>Modicensi</strong></span> 
     </span>
     <span class='ocr_line' id='line_1_23' title="bbox 615 3448 3654 3551; baseline -0 -28"><span class='ocrx_word' id='word_1_162' title='bbox 615 3450 695 3523; x_wconf 86' lang='lat' dir='ltr'><strong>in</strong></span> <span class='ocrx_word' id='word_1_163' title='bbox 742 3463 1069 3521; x_wconf 81' lang='lat' dir='ltr'><strong>mutuam</strong></span> <span class='ocrx_word' id='word_1_164' title='bbox 1122 3449 1763 3521; x_wconf 87' lang='lat' dir='ltr'><strong>commutationem</strong></span> <span class='ocrx_word' id='word_1_165' title='bbox 1802 3462 2149 3550; x_wconf 86' lang='lat' dir='ltr'><strong>acceptus</strong></span> <span class='ocrx_word' id='word_1_166' title='bbox 2200 3448 2330 3521; x_wconf 90' lang='lat' dir='ltr'><strong>sub</strong></span> <span class='ocrx_word' id='word_1_167' title='bbox 2365 3451 2659 3521; x_wconf 90' lang='lat' dir='ltr'><strong>nomine</strong></span> <span class='ocrx_word' id='word_1_168' title='bbox 2719 3450 3018 3522; x_wconf 83' lang='lat' dir='ltr'><strong>Diosma</strong></span> <span class='ocrx_word' id='word_1_169' title='bbox 3054 3450 3654 3551; x_wconf 64' lang='lat' dir='ltr'><strong>rosmarinyblc&#39;a.</strong></span> 
     </span>
    </p>
   </div>
   <div class='ocr_carea' id='block_1_4' title="bbox 773 3532 3821 3678">
    <p class='ocr_par' dir='ltr' id='par_1_10' title="bbox 773 3532 3821 3678">
     <span class='ocr_line' id='line_1_24' title="bbox 773 3532 3821 3678; baseline 0.001 -31"><span class='ocrx_word' id='word_1_170' title='bbox 773 3571 941 3647; x_wconf 81' lang='lat' dir='ltr'><strong>obs.</strong></span> <span class='ocrx_word' id='word_1_171' title='bbox 999 3575 1293 3676; x_wconf 85' lang='lat' dir='ltr'><strong>Species</strong></span> <span class='ocrx_word' id='word_1_172' title='bbox 1344 3572 1481 3648; x_wconf 90' lang='lat' dir='ltr'><strong>sub</strong></span> <span class='ocrx_word' id='word_1_173' title='bbox 1544 3572 1681 3648; x_wconf 87' lang='lat' dir='ltr'><strong>hoc</strong></span> <span class='ocrx_word' id='word_1_174' title='bbox 1743 3570 2049 3647; x_wconf 72' lang='lat' dir='ltr'><strong>nomine</strong></span> <span class='ocrx_word' id='word_1_175' title='bbox 2096 3573 2289 3647; x_wconf 70' lang='lat' dir='ltr'><strong>edita</strong></span> <span class='ocrx_word' id='word_1_176' title='bbox 2336 3568 2382 3646; x_wconf 79' lang='lat' dir='ltr'><strong>a</strong></span> <span class='ocrx_word' id='word_1_177' title='bbox 2438 3574 2788 3648; x_wconf 59' lang='lat' dir='ltr'><strong>Lamacx</strong></span> <span class='ocrx_word' id='word_1_178' title='bbox 2840 3576 3124 3675; x_wconf 65' lang='lat' dir='ltr'><strong>(Illust.</strong></span> <span class='ocrx_word' id='word_1_179' title='bbox 3194 3604 3235 3650; x_wconf 82' lang='lat'><em>2</em></span> <span class='ocrx_word' id='word_1_180' title='bbox 3302 3603 3476 3678; x_wconf 82' lang='lat' dir='ltr'><strong>pag.</strong></span> <span class='ocrx_word' id='word_1_181' title='bbox 3533 3578 3653 3649; x_wconf 89' lang='lat'><strong>81.</strong></span> <span class='ocrx_word' id='word_1_182' title='bbox 3738 3591 3744 3597; x_wconf 82' lang='lat'>&#39;</span> <span class='ocrx_word' id='word_1_183' title='bbox 3817 3532 3821 3537; x_wconf 16' lang='grc'><em>1</em></span> 
     </span>
    </p>
   </div>
   <div class='ocr_carea' id='block_1_5' title="bbox 606 3696 3660 5164">
    <p class='ocr_par' dir='ltr' id='par_1_11' title="bbox 606 3696 3658 4811">
     <span class='ocr_line' id='line_1_25' title="bbox 609 3696 3658 3802; baseline 0.001 -31"><span class='ocrx_word' id='word_1_184' title='bbox 609 3696 729 3771; x_wconf 85' lang='lat' dir='ltr'><strong>N.⁰</strong></span> <span class='ocrx_word' id='word_1_185' title='bbox 785 3698 1002 3773; x_wconf 81' lang='lat'><strong>2638.</strong></span> <span class='ocrx_word' id='word_1_186' title='bbox 1056 3701 1250 3791; x_wconf 75' lang='lat' dir='ltr'><strong>Dic-t.</strong></span> <span class='ocrx_word' id='word_1_187' title='bbox 1306 3698 1513 3774; x_wconf 91' lang='lat' dir='ltr'><strong>Tom.</strong></span> <span class='ocrx_word' id='word_1_188' title='bbox 1574 3728 1639 3774; x_wconf 82' lang='lat'><strong>2.</strong></span> <span class='ocrx_word' id='word_1_189' title='bbox 1683 3727 1860 3802; x_wconf 81' lang='lat' dir='ltr'><strong>pag.</strong></span> <span class='ocrx_word' id='word_1_190' title='bbox 1920 3698 2087 3774; x_wconf 82' lang='lat'><strong>286.</strong></span> <span class='ocrx_word' id='word_1_191' title='bbox 2142 3698 2262 3775; x_wconf 84' lang='lat' dir='ltr'><strong>N.⁰</strong></span> <span class='ocrx_word' id='word_1_192' title='bbox 2324 3701 2488 3797; x_wconf 90' lang='lat'>11.)</span> <span class='ocrx_word' id='word_1_193' title='bbox 2538 3702 2737 3774; x_wconf 86' lang='lat' dir='ltr'><strong>inter</strong></span> <span class='ocrx_word' id='word_1_194' title='bbox 2770 3725 2918 3773; x_wconf 91' lang='lat' dir='ltr'><strong>non</strong></span> <span class='ocrx_word' id='word_1_195' title='bbox 2953 3703 3126 3775; x_wconf 88' lang='lat' dir='ltr'><strong>satis</strong></span> <span class='ocrx_word' id='word_1_196' title='bbox 3161 3716 3366 3775; x_wconf 86' lang='lat' dir='ltr'><strong>notas</strong></span> <span class='ocrx_word' id='word_1_197' title='bbox 3409 3704 3658 3777; x_wconf 84' lang='lat' dir='ltr'><strong>sectio·</strong></span> 
     </span>
     <span class='ocr_line' id='line_1_26' title="bbox 608 3825 3652 3930; baseline 0.001 -31"><span class='ocrx_word' id='word_1_198' title='bbox 608 3825 869 3927; x_wconf 82' lang='lat' dir='ltr'><strong>nisque</strong></span> <span class='ocrx_word' id='word_1_199' title='bbox 934 3828 1257 3911; x_wconf 79' lang='lat' dir='ltr'><strong>incertae</strong></span> <span class='ocrx_word' id='word_1_200' title='bbox 1318 3828 1397 3899; x_wconf 84' lang='lat' dir='ltr'><strong>in</strong></span> <span class='ocrx_word' id='word_1_201' title='bbox 1456 3826 1995 3901; x_wconf 67' lang='lat' dir='ltr'><strong>Dn-Cumoun</strong></span> <span class='ocrx_word' id='word_1_202' title='bbox 2058 3827 2474 3901; x_wconf 76' lang='lat' dir='ltr'><strong>Prodromo</strong></span> <span class='ocrx_word' id='word_1_203' title='bbox 2523 3830 2651 3927; x_wconf 86' lang='lat'><strong>(1.</strong></span> <span class='ocrx_word' id='word_1_204' title='bbox 2691 3850 2870 3929; x_wconf 79' lang='lat' dir='ltr'><strong>pag.</strong></span> <span class='ocrx_word' id='word_1_205' title='bbox 2925 3830 3140 3930; x_wconf 84' lang='lat'>718.)</span> <span class='ocrx_word' id='word_1_206' title='bbox 3204 3830 3468 3903; x_wconf 74' lang='lat' dir='ltr'><strong>merito</strong></span> <span class='ocrx_word' id='word_1_207' title='bbox 3536 3855 3652 3903; x_wconf 90' lang='lat' dir='ltr'><strong>re-</strong></span> 
     </span>
     <span class='ocr_line' id='line_1_27' title="bbox 608 3954 3658 4057; baseline 0.002 -32"><span class='ocrx_word' id='word_1_208' title='bbox 608 3954 956 4057; x_wconf 66' lang='lat' dir='ltr'><strong>ponitur-3</strong></span> <span class='ocrx_word' id='word_1_209' title='bbox 1009 3966 1260 4027; x_wconf 81' lang='lat' dir='ltr'><strong>auctor</strong></span> <span class='ocrx_word' id='word_1_210' title='bbox 1308 3955 1511 4029; x_wconf 87' lang='lat' dir='ltr'><strong>enim</strong></span> <span class='ocrx_word' id='word_1_211' title='bbox 1576 3970 1783 4029; x_wconf 84' lang='lat' dir='ltr'><strong>notas</strong></span> <span class='ocrx_word' id='word_1_212' title='bbox 1866 3954 2307 4056; x_wconf 84' lang='lat' dir='ltr'><strong>praecipuas</strong></span> <span class='ocrx_word' id='word_1_213' title='bbox 2370 3980 2410 4027; x_wconf 91' lang='lat' dir='ltr'><strong>e</strong></span> <span class='ocrx_word' id='word_1_214' title='bbox 2481 3954 2914 4055; x_wconf 75' lang='lat' dir='ltr'><strong>genitalibus</strong></span> <span class='ocrx_word' id='word_1_215' title='bbox 2991 3959 3366 4057; x_wconf 75' lang='lat' dir='ltr'><strong>utriusque</strong></span> <span class='ocrx_word' id='word_1_216' title='bbox 3447 3979 3658 4051; x_wconf 67' lang='lat' dir='ltr'><strong>sexus</strong></span> 
     </span>
     <span class='ocr_line' id='line_1_28' title="bbox 608 4075 3652 4182; baseline 0.001 -30"><span class='ocrx_word' id='word_1_217' title='bbox 608 4075 967 4153; x_wconf 81' lang='lat' dir='ltr'><strong>eruendas</strong></span> <span class='ocrx_word' id='word_1_218' title='bbox 997 4134 1020 4172; x_wconf 88' lang='lat'>‚</span> <span class='ocrx_word' id='word_1_219' title='bbox 1103 4081 1503 4182; x_wconf 81' lang='lat' dir='ltr'><strong>praeteriit.</strong></span> <span class='ocrx_word' id='word_1_220' title='bbox 1579 4080 1967 4156; x_wconf 86' lang='lat' dir='ltr'><strong>Caeterum</strong></span> <span class='ocrx_word' id='word_1_221' title='bbox 2056 4106 2097 4153; x_wconf 89' lang='lat' dir='ltr'><strong>e</strong></span> <span class='ocrx_word' id='word_1_222' title='bbox 2182 4082 2429 4182; x_wconf 86' lang='lat' dir='ltr'><strong>specie</strong></span> <span class='ocrx_word' id='word_1_223' title='bbox 2513 4097 2760 4154; x_wconf 79' lang='lat' dir='ltr'><strong>nostra</strong></span> <span class='ocrx_word' id='word_1_224' title='bbox 2845 4078 3212 4156; x_wconf 86' lang='lat' dir='ltr'><strong>discedere</strong></span> <span class='ocrx_word' id='word_1_225' title='bbox 3293 4079 3652 4157; x_wconf 78' lang='lat' dir='ltr'><strong>suadent:</strong></span> 
     </span>
     <span class='ocr_line' id='line_1_29' title="bbox 618 4200 3648 4308; baseline 0.001 -30"><span class='ocrx_word' id='word_1_226' title='bbox 618 4232 647 4279; x_wconf 84' lang='lat'>1</span> <span class='ocrx_word' id='word_1_227' title='bbox 662 4212 711 4277; x_wconf 82' lang='lat'><strong>.⁰</strong></span> <span class='ocrx_word' id='word_1_228' title='bbox 760 4200 1235 4278; x_wconf 80' lang='lat' dir='ltr'><strong>Ramulorum</strong></span> <span class='ocrx_word' id='word_1_229' title='bbox 1287 4206 1529 4306; x_wconf 81' lang='lat' dir='ltr'><strong>apices</strong></span> <span class='ocrx_word' id='word_1_230' title='bbox 1578 4203 1883 4279; x_wconf 83' lang='lat' dir='ltr'><strong>floribus</strong></span> <span class='ocrx_word' id='word_1_231' title='bbox 1934 4205 2212 4279; x_wconf 76' lang='lat' dir='ltr'><strong>orbati:</strong></span> <span class='ocrx_word' id='word_1_232' title='bbox 2270 4216 2369 4279; x_wconf 65' lang='lat'><strong>2·</strong></span> <span class='ocrx_word' id='word_1_233' title='bbox 2418 4204 2622 4279; x_wconf 85' lang='lat' dir='ltr'><strong>Folia</strong></span> <span class='ocrx_word' id='word_1_234' title='bbox 2699 4204 3134 4308; x_wconf 84' lang='lat' dir='ltr'><strong>plerumque</strong></span> <span class='ocrx_word' id='word_1_235' title='bbox 3185 4206 3648 4283; x_wconf 77' lang='lat' dir='ltr'><strong>verticillato·</strong></span> 
     </span>
     <span class='ocr_line' id='line_1_30' title="bbox 606 4330 3657 4437; baseline 0.001 -32"><span class='ocrx_word' id='word_1_236' title='bbox 606 4347 816 4405; x_wconf 84' lang='lat' dir='ltr'><strong>terna</strong></span> <span class='ocrx_word' id='word_1_237' title='bbox 861 4330 1505 4434; x_wconf 85' lang='lat' dir='ltr'><strong>lineari-oblonga:</strong></span> <span class='ocrx_word' id='word_1_238' title='bbox 1561 4332 1660 4429; x_wconf 40' lang='lat'><strong>32·</strong></span> <span class='ocrx_word' id='word_1_239' title='bbox 1684 4331 1936 4405; x_wconf 85' lang='lat' dir='ltr'><strong>Petala</strong></span> <span class='ocrx_word' id='word_1_240' title='bbox 1968 4330 2155 4405; x_wconf 85' lang='lat' dir='ltr'><strong>lobis</strong></span> <span class='ocrx_word' id='word_1_241' title='bbox 2188 4331 2528 4436; x_wconf 79' lang='lat' dir='ltr'><strong>calycini&#39;s</strong></span> <span class='ocrx_word' id='word_1_242' title='bbox 2577 4330 2800 4437; x_wconf 90' lang='lat' dir='ltr'><strong>duplo</strong></span> <span class='ocrx_word' id='word_1_243' title='bbox 2835 4334 3181 4434; x_wconf 82' lang='lat' dir='ltr'><strong>longiora,</strong></span> <span class='ocrx_word' id='word_1_244' title='bbox 3222 4332 3657 4408; x_wconf 69' lang='lat' dir='ltr'><strong>staminibus</strong></span> 
     </span>
     <span class='ocr_line' id='line_1_31' title="bbox 608 4452 3646 4560; baseline 0.001 -31"><span class='ocrx_word' id='word_1_245' title='bbox 608 4472 852 4530; x_wconf 81' lang='lat' dir='ltr'><strong>autem</strong></span> <span class='ocrx_word' id='word_1_246' title='bbox 926 4456 1295 4549; x_wconf 80' lang='lat' dir='ltr'><strong>breviora3</strong></span> <span class='ocrx_word' id='word_1_247' title='bbox 1360 4478 1546 4560; x_wconf 82' lang='lat' dir='ltr'><strong>quae</strong></span> <span class='ocrx_word' id='word_1_248' title='bbox 1614 4460 1975 4532; x_wconf 82' lang='lat' dir='ltr'><strong>contraria</strong></span> <span class='ocrx_word' id='word_1_249' title='bbox 2038 4461 2321 4533; x_wconf 86' lang='lat' dir='ltr'><strong>ratione</strong></span> <span class='ocrx_word' id='word_1_250' title='bbox 2396 4482 2471 4533; x_wconf 88' lang='lat' dir='ltr'><strong>se</strong></span> <span class='ocrx_word' id='word_1_251' title='bbox 2533 4452 2814 4533; x_wconf 78' lang='lat' dir='ltr'><strong>habent</strong></span> <span class='ocrx_word' id='word_1_252' title='bbox 2873 4462 2948 4531; x_wconf 83' lang='lat' dir='ltr'><strong>in</strong></span> <span class='ocrx_word' id='word_1_253' title='bbox 3013 4458 3306 4533; x_wconf 75' lang='lat' dir='ltr'><strong>Diosma</strong></span> <span class='ocrx_word' id='word_1_254' title='bbox 3367 4480 3646 4535; x_wconf 77' lang='lat' dir='ltr'><strong>rosma-</strong></span> 
     </span>
     <span class='ocr_line' id='line_1_32' title="bbox 607 4580 3648 4689; baseline 0.001 -33"><span class='ocrx_word' id='word_1_255' title='bbox 607 4580 938 4658; x_wconf 80' lang='lat' dir='ltr'><strong>rinifolia.</strong></span> <span class='ocrx_word' id='word_1_256' title='bbox 991 4582 1183 4657; x_wconf 89' lang='lat' dir='ltr'><strong>Illud</strong></span> <span class='ocrx_word' id='word_1_257' title='bbox 1232 4583 1527 4660; x_wconf 89' lang='lat' dir='ltr'><strong>demum</strong></span> <span class='ocrx_word' id='word_1_258' title='bbox 1581 4586 2029 4686; x_wconf 87' lang='lat' dir='ltr'><strong>exploratum</strong></span> <span class='ocrx_word' id='word_1_259' title='bbox 2097 4583 2449 4659; x_wconf 86' lang='lat' dir='ltr'><strong>habemus</strong></span> <span class='ocrx_word' id='word_1_260' title='bbox 2519 4588 2831 4689; x_wconf 86' lang='lat' dir='ltr'><strong>speciem</strong></span> <span class='ocrx_word' id='word_1_261' title='bbox 2885 4602 3204 4661; x_wconf 76' lang='lat' dir='ltr'><strong>nostram</strong></span> <span class='ocrx_word' id='word_1_262' title='bbox 3282 4587 3358 4663; x_wconf 85' lang='lat' dir='ltr'><strong>in</strong></span> <span class='ocrx_word' id='word_1_263' title='bbox 3420 4586 3648 4660; x_wconf 77' lang='lat' dir='ltr'><strong>Baro-</strong></span> 
     </span>
     <span class='ocr_line' id='line_1_33' title="bbox 608 4709 2047 4811; baseline -0.001 -27"><span class='ocrx_word' id='word_1_264' title='bbox 608 4735 804 4784; x_wconf 89' lang='lat' dir='ltr'><strong>smae</strong></span> <span class='ocrx_word' id='word_1_265' title='bbox 858 4734 1124 4811; x_wconf 87' lang='lat' dir='ltr'><strong>genere</strong></span> <span class='ocrx_word' id='word_1_266' title='bbox 1175 4709 1417 4784; x_wconf 88' lang='lat' dir='ltr'><strong>locum</strong></span> <span class='ocrx_word' id='word_1_267' title='bbox 1468 4710 1611 4785; x_wconf 89' lang='lat' dir='ltr'><strong>sibi</strong></span> <span class='ocrx_word' id='word_1_268' title='bbox 1657 4711 2047 4785; x_wconf 81' lang='lat' dir='ltr'><strong>vindicare.</strong></span> 
     </span>
    </p>

    <p class='ocr_par' dir='ltr' id='par_1_12' title="bbox 608 4834 3660 5164">
     <span class='ocr_line' id='line_1_34' title="bbox 760 4834 3651 4942; baseline 0.002 -34"><span class='ocrx_word' id='word_1_269' title='bbox 760 4834 1042 4908; x_wconf 78' lang='lat' dir='ltr'><strong>Colitur</strong></span> <span class='ocrx_word' id='word_1_270' title='bbox 1088 4838 1165 4908; x_wconf 85' lang='lat' dir='ltr'><strong>in</strong></span> <span class='ocrx_word' id='word_1_271' title='bbox 1216 4836 1362 4910; x_wconf 86' lang='lat' dir='ltr'><strong>olla</strong></span> <span class='ocrx_word' id='word_1_272' title='bbox 1412 4862 1606 4939; x_wconf 81' lang='lat' dir='ltr'><strong>quae</strong></span> <span class='ocrx_word' id='word_1_273' title='bbox 1658 4835 1961 4912; x_wconf 75' lang='lat' dir='ltr'><strong>adversa</strong></span> <span class='ocrx_word' id='word_1_274' title='bbox 2018 4852 2474 4939; x_wconf 83' lang='lat' dir='ltr'><strong>tempestate·</strong></span> <span class='ocrx_word' id='word_1_275' title='bbox 2521 4838 2915 4913; x_wconf 78' lang='lat' dir='ltr'><strong>collocatur</strong></span> <span class='ocrx_word' id='word_1_276' title='bbox 2987 4842 3065 4912; x_wconf 77' lang='lat' dir='ltr'><strong>in</strong></span> <span class='ocrx_word' id='word_1_277' title='bbox 3115 4839 3472 4942; x_wconf 68' lang='lat' dir='ltr'><strong>tepidario</strong></span> <span class='ocrx_word' id='word_1_278' title='bbox 3519 4839 3651 4913; x_wconf 88' lang='lat' dir='ltr'><strong>ubi</strong></span> 
     </span>
     <span class='ocr_line' id='line_1_35' title="bbox 610 4958 3660 5068; baseline 0.001 -33"><span class='ocrx_word' id='word_1_279' title='bbox 610 4958 850 5035; x_wconf 79' lang='lat' dir='ltr'><strong>media</strong></span> <span class='ocrx_word' id='word_1_280' title='bbox 892 4960 1155 5065; x_wconf 77' lang='lat' dir='ltr'><strong>hyeme</strong></span> <span class='ocrx_word' id='word_1_281' title='bbox 1220 4960 1523 5039; x_wconf 82' lang='lat' dir='ltr'><strong>floribus</strong></span> <span class='ocrx_word' id='word_1_282' title='bbox 1596 4964 1967 5057; x_wconf 78' lang='lat' dir='ltr'><strong>luxuriat3</strong></span> <span class='ocrx_word' id='word_1_283' title='bbox 2042 4979 2119 5038; x_wconf 86' lang='lat' dir='ltr'><strong>at</strong></span> <span class='ocrx_word' id='word_1_284' title='bbox 2186 4966 2424 5040; x_wconf 74' lang='lat' dir='ltr'><strong>ovat-ia</strong></span> <span class='ocrx_word' id='word_1_285' title='bbox 2501 4965 2932 5068; x_wconf 77' lang='lat' dir='ltr'><strong>plerumque</strong></span> <span class='ocrx_word' id='word_1_286' title='bbox 2995 4964 3338 5042; x_wconf 70' lang='lat' dir='ltr'><strong>fatiscunt</strong></span> <span class='ocrx_word' id='word_1_287' title='bbox 3385 4986 3525 5041; x_wconf 80' lang='lat' dir='ltr'><strong>nec</strong></span> <span class='ocrx_word' id='word_1_288' title='bbox 3577 4968 3660 5039; x_wconf 85' lang='lat' dir='ltr'><strong>in·</strong></span> 
     </span>
     <span class='ocr_line' id='line_1_36' title="bbox 608 5086 1229 5164; baseline -0.003 0"><span class='ocrx_word' id='word_1_289' title='bbox 608 5086 887 5164; x_wconf 78' lang='lat' dir='ltr'><strong>fructus</strong></span> <span class='ocrx_word' id='word_1_290' title='bbox 938 5087 1229 5164; x_wconf 85' lang='lat' dir='ltr'><strong>abeunt.</strong></span> 
     </span>
    </p>
   </div>
  </div>
 </body>
</html>
