4942 6917
2638 858 2717 935 !o.
2770 857 2909 936 'rab-
2964 857 3038 935 ΙΙ.

2430 1111 2700 1188 lconis
2752 1113 3251 1209 explanatio.

1333 1391 1389 1436 1.
1441 1363 1684 1440 Caulis
1739 1389 1904 1466 pars
1955 1343 2308 1466 superior.

1322 1518 1389 1566 2.
1441 1489 1862 1593 Capitulum
1911 1487 2210 1566 floribus
2262 1487 2712 1564 redimitum.

1321 1618 1388 1692 3.
1436 1615 1816 1692 Flosculiis
1863 1643 2034 1692 cum
2085 1613 2390 1692 achenio
2439 1631 2517 1692 et
2564 1643 2827 1722 peppo.

1319 1745 1388 1838 4.
1437 1743 1672 1847 Pappi
1725 1741 1978 1820 setula.

1323 1869 1390 1942 5.
1445 1868 1765 1944 Corolla.

1319 1995 1466 2100 627.
1521 1994 1838 2069 Achenia
1889 2021 2058 2070 cum
2107 2021 2372 2100 pappo.

1325 2124 1392 2194 8.
1445 2121 1646 2197 Folia
1696 2137 2008 2226 utraque
2061 2120 2244 2196 facie
2295 2124 2464 2197 visa.

2145 2379 2493 2456 PEc‘rls
2546 2351 3526 2458 CARTHUSIANORUM.

1473 2629 1718 2704 Ramis
1769 2628 2122 2730 florigeris
2175 2629 2254 2702 in
2306 2627 2786 2730 glomerulum
2836 2629 3303 2706 terminalem
3356 2627 3867 2734 eze-cephalam
3930 2629 4357 2706 densissime

1323 2758 1673 2859 congestis
1723 2755 2059 2858 capitulis
2107 2752 2292 2831 foliis
2341 2757 2642 2832 summis
2694 2753 3132 2832 absconditis
3170 2785 3187 2829 ι
3252 2759 3477 2860 pappi
3532 2755 3757 2858 paleis
3816 2755 3979 2832 latis
4032 2757 4109 2830 in
4158 2755 4361 2832 radio

1326 2910 1544 2986 quam
1593 2882 1816 2958 binae
1870 2881 2224 2982 pluribus.

1587 3009 1918 3081 Ltssmc.
1972 3008 2248 3082 Linnea
2315 3008 2493 3082 1831
2557 3036 2631 3113 p.
2690 3035 2859 3110 712.

1474 3134 1698 3209 Caule
1751 3149 1994 3210 erecto
2045 3137 2261 3208 tereti
2329 3133 2466 3209 sub
2540 3132 2737 3210 foliis
2804 3133 3108 3210 obscure
3167 3135 3569 3212 biseriatim
3638 3135 4077 3238 pubescente
4093 3192 4119 3230 ,
4186 3135 4363 3212 foliis

1324 3263 1468 3336 late
1520 3261 1911 3336 linearibus
1979 3261 2442 3359 acutiusculis
2461 3317 2485 3354 ,
2560 3261 2737 3336 ciliis
2807 3260 2933 3362 5-9
2994 3263 3335 3364 utrinque
3416 3260 3510 3336 ad
3570 3259 3891 3338 medium
3960 3287 4193 3365 usque
4258 3265 4366 3336 in·-

1322 3391 1612 3465 structis
1665 3391 1944 3464 minute
1995 3405 2069 3464 et
2117 3387 2377 3463 crebre
2413 3386 3257 3492 pellucido-glandulosis
3269 3444 3294 3481 ,
3344 3389 3567 3464 ramis
3612 3387 3883 3466 floridis
3927 3387 4367 3466 brevissimis

1320 3517 1527 3619 apice
1580 3515 2404 3619 corymbum-congestis
2421 3569 2445 3606 ,
2496 3514 2829 3619 capitulis
2879 3517 3077 3590 inter
3122 3512 3295 3590 folia
3346 3514 3723 3592 occultatis
3764 3515 4131 3592 sensilibus
4178 3519 4369 3594 invo-

1319 3642 1506 3718 lucri
1580 3643 1899 3746 squamis
1952 3641 2041 3733 6,
2117 3640 2448 3744 oblongis
2512 3639 2791 3717 obtusis
2866 3639 3389 3742 conduplicatis
3408 3699 3432 3736 ‚
3514 3639 3813 3718 floribus
3888 3643 4179 3718 circiter
4240 3672 4263 3717 1
4282 3671 4325 3718 2
4341 3701 4362 3736 ‚

1323 3767 1644 3843 acheniis
1720 3765 2242 3843 hirsutiusculis
2265 3825 2284 3858 ,
2363 3769 2588 3871 pappi
2673 3765 2893 3870 paleis
2968 3766 3132 3842 latis
3210 3770 3287 3842 in
3366 3785 3599 3844 setam
3666 3771 4095 3846 acuminatis
4178 3769 4362 3843 radii

1321 3897 1612 3999 saepius
1663 3892 1898 3970 tribus
1913 3950 1936 3988 ,
1991 3892 2172 3968 disci
2226 3895 2580 3998 quinque.

1573 4020 1682 4094 De
1735 4019 2114 4095 Carmente
2166 4019 2524 4096 ProcL-S.
2564 4047 2645 4122 p.
2714 4045 2871 4093 101.
2928 4019 3051 4094 N.⁰
3114 4019 3223 4092 15.

2622 4329 3059 4427 Dese-rimie.

1476 4655 1702 4732 Radix
1752 4684 1987 4732 annua
2038 4655 2304 4732 fibrosa
2321 4714 2344 4751 ,
2395 4655 2599 4733 fibris
2649 4653 3032 4732 atrofuscis
3084 4671 3159 4730 et
3210 4679 3299 4730 ex
3349 4655 3497 4728 imo
3548 4656 3761 4730 caule
3814 4652 3907 4729 ad
3956 4651 4363 4730 internodia

1323 4783 1893 4888 erumpentibus.

1473 4911 1712 4986 Caulis
1765 4909 2208 5016 subsimplex
2258 4933 2795 5013 purpurascens
2844 4923 3131 4984 erectus
3190 4910 3745 4984 tereti-strictus
3820 4905 4076 5010 glaber
4094 4960 4117 5000 ,
4174 4905 4365 4980 linea

1323 5062 1409 5111 ex
1457 5064 1606 5112 uno
1658 5036 1753 5112 ad
1805 5037 2115 5115 alterum
2159 5035 2657 5114 internodium
2707 5051 3133 5111 excurrente
3191 5033 3531 5110 bifariam
3580 5032 4010 5137 puberulus‚
4061 5033 4363 5134 semipe-

1326 5162 1506 5240 dalis
1557 5163 1854 5270 pedalis.

1478 5292 1684 5368 Folia
1735 5293 2062 5397 opposita
2124 5290 2445 5368 breviter
2508 5291 2920 5394 vaginantia
2983 5288 3465 5364 lato-linearia
3534 5285 4024 5362 obtusiuscula
4087 5309 4374 5362 mucro-
