4942 6917
1388 652 1413 695 ¹
1442 622 1491 715 4

1372 772 1921 863 mucronulatis,
1972 768 2251 843 laciniis
2304 767 2641 870 calycinis
2693 766 2904 868 triplo
2967 764 3378 869 quadruplo
3442 764 3921 868 longioribuS,
3985 762 4144 841 basi
4195 764 4436 837 macu-

1367 896 1573 994 latis,
1622 898 1905 972 macula
1957 893 2347 999 sulphurea
2398 893 2655 969 stellae
2707 894 2783 967 in
2836 892 3132 968 modum
3185 917 3320 995 per
3368 892 3574 968 lobos
3625 908 3984 996 protensa.

1522 1026 1847 1097 Stamina
1900 1020 1986 1095 5:
2041 1019 2427 1095 filamentis
2460 1019 2898 1095 brevissimis
2934 1017 3025 1091 ad
3058 1016 3350 1094 faucem
3383 1018 3690 1095 corollae
3723 1020 4012 1095 insertis
4027 1074 4049 1111 ,
4097 1014 4434 1091 antheris

1368 1148 2105 1251 oblongo-linearibus
2172 1148 2329 1221 basi
2392 1148 2700 1221 saccatis
2763 1146 3020 1221 ostiolo
3083 1144 3446 1221 terminali
3520 1148 3822 1222 seorsim
3888 1134 4382 1220 deiscentibus
4411 1202 4433 1237 ‚

1368 1276 1750 1351 filamentis
1804 1274 2027 1378 duplo
2080 1271 2554 1375 longioribus.

1521 1404 1868 1477 Ovarium
1919 1401 2295 1504 globosum
2346 1400 2586 1502 calyce
2637 1388 3068 1502 persistente
3101 1397 3366 1475 fultum
3399 1422 3442 1473 e
3473 1397 3814 1501 curpidiis
3865 1398 4153 1475 duobus
4167 1454 4190 1491 ‚
4233 1424 4430 1471 mar·

1368 1529 1652 1631 ginibus
1700 1528 2085 1603 inu-oflexis
2136 1543 2355 1629 atque
2404 1528 2480 1600 in
2532 1525 3128 1628 dissepimentum
3161 1525 3411 1601 medio
3457 1527 3804 1628 utrinque
3853 1522 4427 1630 placentiferu'm

1367 1656 1639 1733 coalitis
1696 1654 2095 1729 2-loculare
2110 1708 2133 1746 ‚
2182 1653 2431 1727 loculis
2485 1652 3044 1749 multiovulatis,
3113 1652 3294 1755 stylo
3341 1668 3542 1728 recto
3610 1678 3920 1756 superne
3971 1654 4260 1729 sensim
4311 1654 4426 1727 in-

1367 1797 1678 1857 crassato
1730 1784 1937 1882 apice
1988 1796 2325 1854 truncato
2378 1778 2880 1881 stigmatifero.

1516 1908 1750 1982 Bacca
1800 1924 1955 1981 atra
2010 1908 2243 1981 cerasi
2294 1902 2827 2005 magnitudine,
2882 1903 3398 2007 dissepimento
3440 1903 3742 1979 demum
3773 1904 4196 1999 fatiscente,
4233 1906 4426 1980 ultra

1363 2032 1689 2107 medium
1751 2032 2162 2107 1-locularis
2186 2088 2207 2123 ‚
2258 2031 2516 2106 loculis
2567 2031 2789 2133 pulpa
2841 2046 3616 2133 atro-purpurascente
3665 2030 3938 2109 fal-ctis.

1520 2163 1811 2234 Semina
1862 2184 1901 2234 e
1952 2160 2183 2233 latere
2220 2180 2636 2261 compressa
2669 2154 3536 2233 orbiculato-roniformia
3546 2212 3569 2250 ‚
3605 2174 3793 2235 testa
3827 2184 4065 2235 crassa
4107 2162 4426 2233 areolata

1362 2290 1561 2362 intus
1601 2285 1964 2380 lacunosa,
1998 2283 2445 2387 endopleura
2482 2282 2868 2359 fusco-atra
2903 2282 3450 2359 membranacea
3483 2312 3656 2359 cum
3693 2285 4091 2389 embryone
4125 2284 4413 2360 coalita.

1515 2414 1839 2516 Embryo
1892 2411 2385 2516 periphericus
2438 2410 2534 2485 ad
2581 2414 2930 2485 exteriora
2979 2410 3359 2487 albuminis
3407 2413 3692 2487 carnosi
3739 2415 3817 2487 in
3853 2413 4215 2487 annulum
4263 2412 4419 2487 fere

1370 2556 1748 2633 curvatus,
1803 2537 2341 2640 cotyledonibus
2375 2536 2866 2613 subteretibus
2900 2535 3114 2613 dorso
3149 2542 3482 2614 convexis
3513 2536 3696 2614 facie
3731 2539 3998 2642 planis,
4051 2542 4130 2613 in
4165 2539 4419 2643 planta

1369 2669 1653 2743 vivente
1704 2667 1886 2741 laete
1937 2666 2293 2760 viridulis,
2344 2664 2664 2739 radicula
2711 2662 2940 2739 infera
2991 2666 3450 2741 teretiuseula
3501 2661 3647 2741 hilo
3697 2669 4043 2771 proxima.

1514 2798 1599 2867 V.
1653 2820 1721 2867 V.
1774 2796 1850 2866 in
1902 2793 2135 2869 Horto
2184 2794 2347 2867 Bot.
2402 2791 2838 2865 Taurinensi
2887 2789 3016 2864 ubi
3069 2792 3337 2866 colitur
3384 2794 3460 2866 in
3516 2794 3658 2867 olla
3723 2794 4018 2896 juvante
4063 2819 4201 2895 per
4250 2792 4414 2897 bye-

1368 2944 1565 2994 mem
1612 2917 2001 3023 tepidari03
2050 2920 2260 2994 floroe
2292 2916 2654 3020 prodeunt
2689 2932 2988 3011 aestate,
3024 2915 3310 2993 fructus
3343 2942 3504 2993 sero
3535 2936 3878 2997 autumno
3912 2936 4416 2995 maturescunt

1372 3063 1593 3150 atque
1640 3048 2085 3147 nigrescunt.
3521 3042 3528 3047 ’

1518 3174 1686 3248 Οῠε.
1739 3170 2018 3247 Prodiit
2064 3198 2107 3246 e
2158 3170 2562 3247 seminibus
2623 3171 2854 3246 lectis.
2883 3173 2960 3244 in
3009 3168 3310 3245 Brasilia
3359 3170 3456 3243 ab
3519 3194 3634 3273 eq.
3685 3171 3751 3243 J.
3807 3174 3886 3245 B.
3941 3172 4236 3248 Vmur
4293 3177 4418 3275 qui

1365 3316 1439 3375 et
1484 3288 1642 3376 alii}
1692 3299 2099 3403 peregrinis
2144 3297 2498 3402 stirpibus
2547 3296 2846 3373 hortum
2895 3296 3368 3400 locupletatus
3419 3314 3548 3373 est.

2553 3728 2564 3739 ,
2665 3634 2747 3709 lo.
2801 3631 2942 3708 Τὼ.
2998 3633 3094 3709 Vl.

2483 3890 2755 3963 lconis
2807 3890 3296 3983 explanatio.

1374 4218 1431 4261 1.
1484 4189 1777 4262 Corolia
1826 4189 2057 4265 latere
2102 4188 2271 4265 fissa
2306 4190 2530 4293 -eujus
2555 4190 2770 4265 θηρὶ
2825 4194 3129 4266 stamina
3181 4188 3598 4267 adhaerent.

1368 4344 1435 4389 2.
1492 4315 1691 4389 Calix
1744 4342 1915 4389 cum
1966 4319 2213 4391 ovario
2262 4332 2339 4391 et
2390 4318 2600 4419 stylo.

1366 4442 1431 4513 3.
1488 4444 1787 4516 stamen
1838 4442 2235 4545 plurimum
2286 4458 2601 4516 auctum.

1361 4572 1430 4661 4.
1476 4568 1793 4641 Fructus
1846 4571 2277 4643 immaturus
2322 4571 2794 4645 transversim
2843 4582 3106 4644 sectus.

1361 4695 1429 4769 5.
1482 4695 1791 4769 Fructus
1844 4693 2210 4796 perfectus
2231 4754 2253 4790 ,
2306 4722 2575 4799 nempe
2625 4694 2873 4770 bacca.

1359 4822 1428 4895 6.
1480 4823 1712 4897 Bacca
1758 4823 2257 4897 circummisso,
2324 4844 2502 4897 eum
2578 4820 3106 4926 dissepimentn-
3165 4820 3722 4895 membranaceo
3785 4843 4014 4923 prope
4075 4814 4397 4895 medium

1618 4946 1957 5023 evanido-

1364 5104 1433 5178 7.
1484 5077 1775 5149 Semen.

1362 5206 1427 5275 8.
1482 5204 1751 5277 semen
1801 5217 2121 5277 auctum.

1359 5356 1430 5433 9.
1485 5330 1751 5405 Sernen
1796 5348 2203 5407 reseratum
2252 5344 2339 5406 ut
2380 5331 2800 5435 embryonis
2845 5348 2921 5407 et
2967 5328 3358 5407 albuminis
3407 5330 3684 5431 positus
3731 5326 4192 5403 decernatur.
