4942 6917
1457 2118 1960 2273 LEc'rom
2028 2118 2652 2219 BENEVOLo

537 3112 865 3276 stirpes
918 3175 1233 3249 exoticas
1277 3168 1667 3245 nonnullas
1712 3166 1924 3242 Horti
1958 3165 2412 3242 Accademici
2448 3166 2963 3269 Taurinensis,
3015 3170 3128 3247 vel
3178 3198 3328 3248 non
3374 3178 3571 3251 omni

537 3300 839 3401 ambage
891 3298 1160 3375 solutas
1205 3296 1325 3373 'vel
1374 3296 1562 3371 forte
1595 3296 1886 3369 omnino
1923 3296 2451 3397 incompertas,
2505 3312 2630 3369 aut
2677 3298 2753 3370 in
2808 3294 3167 3375 calidariis
3210 3300 3570 3397 excultas,

533 3416 667 3501 auf
712 3453 796 3502 ex
847 3426 1209 3501 Herbario
1262 3423 1774 3527 depromptas,
1824 3424 1899 3493 in
1951 3410 2190 3497 lucem
2253 3419 2589 3526 proferre
2639 3420 3148 3529 adgredimur:
3220 3428 3330 3502 rei
3403 3454 3566 3529 gra-

532 3557 830 3628 vitatem
879 3553 1273 3628 sentientes
1293 3609 1316 3646 ,
1366 3552 1629 3624 virium
1677 3564 2093 3623 nostrarum
2149 3550 2493 3651 parvitati
2544 3565 2766 3655 atque
2816 3552 3105 3657 inopiae
3164 3550 3520 3627 librorum
3547 3610 3574 3649 ,

533 3698 608 3755 et
657 3677 895 3755 studio
945 3681 1023 3753 in
1076 3677 1409 3755 iconibus
1460 3672 1901 3751 instruendis
1953 3690 2028 3750 et
2077 3690 2352 3779 quanta
2400 3676 2778 3779 potuimus
2830 3675 3200 3783 diligentia
3256 3684 3332 3754 in
3384 3685 3574 3757 notis

533 3806 989 3909 diagnosticis
1056 3800 1422 3880 exarandis
1439 3860 1462 3897 ‚
1546 3802 1891 3905 supplere
1974 3802 2221 3876 conati
2298 3827 2568 3879 sumus.
2650 3802 2994 3907 Superest
3069 3822 3155 3879 ut
3228 3808 3571 3883 scientiae

533 3949 776 4035 patres
826 3931 1156 4007 laborem
1220 3928 1412 4007 hunc
1464 3944 1835 4023 nostrum,
1905 3954 2069 4005 vere
2118 3904 2518 4033 pugillum,
2580 3926 3092 4007 benevolenter
3156 3934 3566 4037 excipiant3

531 4062 590 4133 si
642 4057 822 4165 quid
871 4058 1227 4159 incompti
1276 4057 1694 4157 irrepserit,
1776 4058 1840 4129 si
1892 4080 2080 4156 quae
2132 4071 2216 4128 ut
2265 4082 2448 4129 nova
2524 4060 3038 4161 proponuntur
3111 4052 3380 4133 alicubi
3427 4060 3575 4167 jam

533 4184 823 4288 vulgata
875 4181 1292 4277 didicerint,
1342 4180 1761 4283 indulgeant
1814 4180 2056 4254 animo
2110 4206 2490 4285 perperam
2534 4181 2835 4258 meliora
2883 4186 3180 4281 nitenti,
3232 4202 3308 4260 et
3356 4184 3576 4263 bene-

528 4310 844 4387 volentia
868 4353 913 4405 ,·
946 4308 1355 4384 humanitas
1434 4306 1713 4412 ubique
1794 4306 2194 4385 severitatis
2244 4306 2485 4382 locum
2539 4306 2968 4385 obtineant:
3047 4338 3232 4415 quae
3307 4315 3366 4389 si
3436 4340 3570 4390 nos

522 4438 824 4513 minime
860 4433 1293 4528 defecerint,
1318 4432 1409 4507 ad
1447 4432 1725 4537 majora
1763 4430 2204 4537 capessenda
2242 4430 2839 4539 perficiendaque
2877 4438 3123 4541 magni
3141 4436 3569 4515 hortaminis

532 4580 774 4639 erunt.

629 4817 994 4913 Augustae
1036 4814 1525 4887 Taurinorum
1565 4837 1648 4890 ex
1684 4807 1980 4885 aedibus
2016 4809 2233 4884 Horti
2267 4810 2721 4887 Accademici
2763 4810 2882 4887 die
2925 4816 3014 4888 28
3055 4815 3308 4920 aprilis
3357 4813 3566 4891 1852.

2511 5408 2576 5463 J.
2611 5408 2682 5465 Β.
2717 5406 3160 5464 ΒΕΒΡΟΝΤΕ.
