4942 6917
549 756 985 859 marginata,
1034 755 1367 859 margine
1428 754 1693 833 calloso
1726 754 2157 835 brevissimo
2230 757 2628 835 triaristato
2677 757 2794 835 vel
2877 756 3180 863 aequius
3227 760 3546 837 tricorne
3567 818 3594 857 ‚

550 884 921 961 cornubus
994 883 1353 961 teretibus
1424 883 1689 986 patulis
1751 886 1873 959 vix
1937 886 2227 967 intortis
2306 886 2518 989 apice
2577 883 3062 988 glandulosis,
3119 903 3600 965 transversam

553 1010 835 1086 achenii
888 1008 1335 1085 diametrum
1384 1011 1504 1085 vix
1555 1008 2065 1113 aequantibus.

698 1140 957 1214 Exstat
1038 1141 1114 1211 in
1188 1136 1547 1280 Herbario
1600 1136 1693 1211 H.
1768 1138 1853 1212 B.
1908 1138 2034 1231 T.
2120 1136 2389 1213 lectum
2462 1166 2508 1211 a
2570 1138 2907 1215 Bna‘rnno
2977 1143 3055 1215 in
3141 1143 3402 1217 Sancto
3452 1144 3595 1217 Do-

556 1268 803 1369 mingo
869 1294 896 1339 1
910 1268 1083 1340 820.

710 1392 879 1466 obs,
934 1386 1353 1496 specimina
1402 1396 1546 1467 tria
1593 1395 1763 1468 satis
1816 1391 2135 1496 perfecta
2184 1419 2364 1497 prae
2416 1394 2641 1469 oculis
2692 1392 3048 1471 habemus
3101 1395 3194 1470 ad
3243 1394 3548 1471 Balbisii
3569 1452 3590 1488 ,

552 1540 747 1595 nunc
786 1518 877 1593 H.
912 1518 1073 1593 Bot.
1119 1520 1417 1595 Taurin.
1436 1575 1460 1613 ‚
1494 1520 1911 1595 herbarium
1944 1522 2387 1623 pertinentia
2422 1545 2614 1624 quae
2650 1521 3124 1599 exterioribus
3161 1520 3596 1627 quibusdam

494 1659 507 1667 '
554 1646 747 1721 notis
809 1647 900 1720 ab
950 1646 1261 1721 invicem
1293 1644 1689 1722 recedunt:
1740 1672 2007 1749 nempe
2055 1650 2133 1723 in
2182 1647 2449 1743 altero.
2495 1646 2695 1751 quod
2743 1652 2944 1724 omni
2992 1676 3125 1729 sua
3174 1666 3382 1753 parte
3417 1676 3592 1753 pro·

553 1774 867 1865 cerias.
898 1771 1125 1848 caulis
1178 1772 1336 1847 basi
1382 1773 1687 1849 minime
1732 1771 2105 1867 radicans,
2152 1777 2271 1849 vix
2310 1773 2788 1870 adscendens,
2839 1772 3012 1853 folia
3061 1775 3591 1869 obtusiuscula,
3632 1830 3641 1837 -

556 1898 869 2001 capitula
932 1926 959 1971 1
983 1926 1057 1992 13
1111 1900 1187 1981 in
1242 1896 1468 1972 altero
1518 1897 1745 1973 caulis
1792 1925 1837 1973 e
1887 1902 2123 2002 primo
2172 1901 2584 1977 internodio
2647 1902 2982 1979 radicans
3005 1960 3028 1997 ,
3081 1899 3258 1976 folia
3318 1901 3594 1977 ambitu
3631 1888 3644 1901 ’

554 2028 841 2101 minora
886 2024 1335 2101 acutiuscula
1356 2080 1378 2117 ,
1430 2024 1745 2129 capitula
1804 2025 1887 2117 63
1948 2028 2029 2099 in
2086 2026 2313 2101 altero
2379 2027 2676 2103 demum
2735 2029 3020 2107 mediae
3083 2028 3598 2132 magnitudinis

554 2152 777 2227 caulis
826 2152 1087 2227 eximie
1138 2149 1587 2227 adscendens
1651 2154 1801 2227 imo
1850 2168 2259 2255 prostratus
2272 2208 2295 2245 ,
2365 2180 2601 2258 usque
2665 2156 2759 2232 ad
2827 2156 2872 2229 3
2933 2156 3426 2233 internodium
3480 2185 3612 2231 ra·-

552 2277 803 2384 diqans
825 2334 847 2373 ,
898 2275 1071 2354 folia
1120 2302 1373 2355 rursus
1441 2276 1829 2381 grandiora
1852 2335 1875 2373 ‚
1939 2280 2265 2382 capitula
2326 2307 2457 2377 ¹⁰3
2525 2306 2710 2384 quae
2769 2283 3066 2386 quidem
3129 2283 3538 2361 discrimina
3567 2338 3592 2378 ,

552 2407 691 2481 etsi
723 2407 929 2507 parvi
980 2406 1327 2480 momenti
1342 2459 1366 2498 ,
1417 2404 2069 2507 praetermittenda
2098 2433 2251 2481 non
2278 2424 2528 2503 erant,
2578 2435 2664 2483 eo
2705 2412 2934 2513 magis
2975 2410 3172 2513 quod
3205 2410 3300 2486 cl.-
3339 2428 3590 2486 auctor

550 2534 627 2607 in
666 2533 1075 2609 Pmdromo
1128 2531 1175 2605 1.
1232 2558 1293 2607 c.
1348 2530 1445 2607 ad
1496 2531 1797 2609 Balbisii
1844 2530 2267 2609 herbarium
2318 2558 2399 2609 se
2444 2554 2762 2613 revocat.

1857 2868 1941 2945 le.
1994 2868 2133 2945 Τὼ.
2190 2870 2284 2945 lv.

1670 3146 1939 3221 lconis
1988 3146 2476 3239 explanatio.

560 3454 587 3499 1
601 3482 618 3497 .
675 3422 987 3519 Corolla.

380 3542 394 3555 ⁶
550 3581 616 3627 2.
667 3552 963 3627 Corolia
1015 3552 1417 3654 plurimum
1470 3568 1703 3627 aucta.

548 3680 617 3753 3.
666 3679 904 3781 Stylus
958 3696 1033 3753 et
1084 3680 1445 3781 stigmata.

546 3810 615 3901 ⁴„
668 3803 1017 3881 Anthedii
1064 3806 1407 3900 laciniae,
1449 3822 1625 3909 post
1672 3804 1965 3882 achenin
2012 3805 2341 3910 delapsa,
2394 3832 2622 3912 supra
2667 3720 3170 3914 pednuealum
3231 3812 3586 3905 reflexae,

792 3930 1337 4035 receptaculum
1384 3930 1817 4008 foveolatum
1865 3932 2341 4036 proferente&

548 4059 613 4133 5.
669 4056 1103 4133 Achenium.

542 4185 612 4261 6.
668 4184 1064 4261 Achenium
1114 4184 1731 4289 longitudinaliter
1778 4183 2055 4261 fissum.

546 4340 613 4414 7.
666 4310 1083 4387 Achenium
1131 4312 1529 4413 plurimum
1580 4326 1900 4389 auctum.

546 4439 613 4510 8.
672 4440 933 4513 Semen
988 4455 1344 4545 apertum.

1506 4780 2163 4858 EUPATORIUM
2214 4750 2658 4861 Momsn.

686 5072 772 5146 E.
828 5072 1052 5150 Caule
1098 5073 1451 5153 stnficoso
1496 5076 1689 5153 foliis
1743 5082 2093 5184 oppositis
2144 5080 2730 5185 ovato-ellipfieis
2771 5080 3276 5185 penninerviis
3327 5106 3578 5156 carno-

535 5198 711 5273 sulis
780 5206 1130 5305 utrinque
1206 5202 1667 5305 glaberrimis
1729 5206 2014 5304 nitidis,
2078 5234 2304 5312 supra
2376 5207 2704 5285 medium
2775 5208 3148 5284 serrulatis
3169 5267 3192 5305 ,
3277 5207 3584 5283 floribus

537 5330 1301 5433 cymoso-corymbosis
1321 5388 1345 5426 ,
1396 5331 1827 5435 pedunculis
1876 5334 2265 5441 oppositis,
2316 5336 2691 5439 pedicellis
2725 5334 3048 5413 unifloris
3099 5336 3584 5439 utplurimum

2897 5474 2906 5483 ⁸
3489 5490 3532 5535 2
